<record><leader>00000cas a22000007a 4500</leader><controlfield tag="001">10154423</controlfield><controlfield tag="008">831122d19411988mnudn ne      0   a0eng  </controlfield><controlfield tag="009">466</controlfield><datafield ind1=" " ind2=" " tag="010"><subfield code="a">sn 83016817 </subfield></datafield><datafield ind1=" " ind2=" " tag="040"><subfield code="a">DLC</subfield><subfield code="b">eng</subfield><subfield code="c">DLC</subfield><subfield code="d">NSD</subfield><subfield code="d">MN#</subfield><subfield code="d">OCLCQ</subfield><subfield code="d">OCLCO</subfield><subfield code="d">OCLCF</subfield></datafield><datafield ind1=" " ind2=" " tag="012"><subfield code="j">0</subfield><subfield code="l">1</subfield><subfield code="m">d</subfield></datafield><datafield ind1="1" ind2=" " tag="022"><subfield code="a">0742-7913</subfield><subfield code="l">0742-7913</subfield><subfield code="2">1</subfield></datafield><datafield ind1=" " ind2=" " tag="042"><subfield code="a">msc</subfield><subfield code="a">nsdp</subfield></datafield><datafield ind1=" " ind2=" " tag="043"><subfield code="a">n-us-mn</subfield></datafield><datafield ind1="0" ind2="0" tag="050"><subfield code="a">Newspaper 8498</subfield></datafield><datafield ind1=" " ind2=" " tag="052"><subfield code="a">4144</subfield><subfield code="b">S2</subfield></datafield><datafield ind1=" " ind2=" " tag="052"><subfield code="a">4143</subfield><subfield code="b">S6</subfield></datafield><datafield ind1="0" ind2=" " tag="130"><subfield code="a">St. Cloud daily times (Saint Cloud, Minn. : 1941)</subfield></datafield><datafield ind1=" " ind2="0" tag="222"><subfield code="a">St. Cloud daily times</subfield></datafield><datafield ind1="0" ind2="4" tag="245"><subfield code="a">The St. Cloud daily times.</subfield></datafield><datafield ind1="3" ind2="0" tag="246"><subfield code="a">Saint Cloud daily times</subfield></datafield><datafield ind1=" " ind2=" " tag="260"><subfield code="a">Saint Cloud, Minn. :</subfield><subfield code="b">Times Pub. Co.,</subfield><subfield code="c">1941-1988.</subfield></datafield><datafield ind1=" " ind2=" " tag="300"><subfield code="a">v.</subfield></datafield><datafield ind1=" " ind2=" " tag="310"><subfield code="a">Daily (except Sun.)</subfield></datafield><datafield ind1="0" ind2=" " tag="362"><subfield code="a">79th year, no. 169 (Jan. 1, 1941)-127th year/294 (May 21, 1988).</subfield></datafield><datafield ind1=" " ind2=" " tag="530"><subfield code="a">Available on microfilm from the Minnesota Historical Society.</subfield></datafield><datafield ind1=" " ind2="0" tag="651"><subfield code="a">Saint Cloud (Minn.)</subfield><subfield code="v">Newspapers.</subfield></datafield><datafield ind1=" " ind2="7" tag="655"><subfield code="a">Newspapers.</subfield><subfield code="2">fast</subfield><subfield code="0">(OCoLC)fst01423814</subfield></datafield><datafield ind1=" " ind2="7" tag="651"><subfield code="a">Minnesota</subfield><subfield code="z">Saint Cloud.</subfield><subfield code="2">fast</subfield><subfield code="0">(OCoLC)fst01210140</subfield></datafield><datafield ind1=" " ind2=" " tag="752"><subfield code="a">United States</subfield><subfield code="b">Minnesota</subfield><subfield code="c">Stearns</subfield><subfield code="d">Saint Cloud.</subfield></datafield><datafield ind1="0" ind2="0" tag="780"><subfield code="t">Saint Cloud daily times and the daily journal-press</subfield><subfield code="w">(DLC)sn 89064520</subfield></datafield><datafield ind1="0" ind2="5" tag="780"><subfield code="a">Little Falls daily transcript</subfield><subfield code="w">(DLC)sn 83016584</subfield></datafield><datafield ind1="0" ind2="0" tag="785"><subfield code="t">St. Cloud times (Saint Cloud, Minn. : 1988)</subfield><subfield code="x">0899-5028</subfield><subfield code="w">(DLC)sn 88001973</subfield></datafield></record>